@article{YanDeren2011,
  title   = {A brief introduction to estimation methods of forest biomass and carbon sequestration},
  author  = {YAN Deren},
  journal = {Journal of Inner Mongolia Forestry},
  number  = {10},
  pages   = {1},
  year    = {2011}
}
@article{LuoQingbang,
  title   = {A study on Standard Volume Dynamic Model},
  author  = {Luo Qibang, Ning Hui},
  journal = {Forest Research},
  volume  = {5},
  number  = {3},
  pages   = {8},
  year    = {1992}
}
@article{2006Forest,
  title   = {Forest Carbon Management in the United States},
  author  = { Birdsey, R.  and  Pregitzer, K.  and  Lucier, A. },
  journal = {Journal of Environmental Quality},
  volume  = {35},
  year    = {2006}
}
@article{2017The,
  title={The impact of forest management plans on trees and carbon: Modeling a decade of harvesting data in Cameroon},
  author={ Cerutti, P. O.  and  Suryadarma, D.  and  Nasi, R.  and  Forni, E.  and  Medjibe, V.  and  Delion, S.  and D Bastin},
  journal={Journal of Forest Economics},
  volume={27},
  pages={1-9},
  year={2017},
}
@article{李新宇2006陆地植被的固碳功能与适用于碳贸易的生物固碳方式,
  title   = {CARBON SEQUESTRATION: MANNERS SUITABLE FOR CARBON TRADE IN CHINA AND FUNCTION OF TERRESTRIAL VEGETATION},
  author  = {LI Xin-Yu,TANG Hai-Ping},
  journal = {
JOURNAL OF PLANT ECOLOGY},
  year    = {2006}
}